@Book{Mahorta:2002:IR,
  author =  "Ravi Malhorta",
  title =   "IP Routing",
  publisher = "O'Reilly",
  edition = "First",
  pages =   "xv + 219",
  year =    "2002",
}

@Book{Tanenbaum:2003:CN,
  author =  "Andrew S. Tanenbaum",
  title =   "Computer networks",
  publisher =   "P T R Pren{\-}tice-Hall",
  address = "pub-PHPTR:adr",
  edition = "Fourth",
  pages =   "xx + 891",
  year =    "2003",
  ISBN =    "0-13-066102-3",
  isbn-13 = "978-0-13-066102-9",
  LCCN =    "TK5105.5 .T36 2003",
  bibdate = "Wed Apr 12 05:41:59 MDT 2006",
  bibsource =   "z3950.loc.gov:7090/Voyager",
  acknowledgement = "Nelson H. F. Beebe, University of Utah, Department
         of Mathematics, 110 LCB, 155 S 1400 E RM 233, Salt Lake
         City, UT 84112-0090, USA, Tel: +1 801 581 5254, FAX: +1
         801 581 4148, e-mail: \path|beebe@math.utah.edu|,
         \path|beebe@acm.org|, \path|beebe@computer.org|
         (Internet), URL:
         \path|http://www.math.utah.edu/~beebe/|",
  subject = "Computer networks",
}

@Article{journals/ccr/MengXZHLZ04,
  title =	"{IP}v4 address allocation and the {BGP} routing table
		 evolution",
  author =	"Xiaoqiao Meng and Zhiguo Xu and Beichuan Zhang and
		 Geoff Huston and Songwu Lu and Lixia Zhang",
  journal =	"Computer Communication Review",
  year = 	"2004",
  number =	"1",
  volume =	"35",
  bibdate =	"2006-02-09",
  bibsource =	"DBLP,
		 http://dblp.uni-trier.de/db/journals/ccr/ccr35.html#MengXZHLZ04",
  pages =	"71--80",
  URL =  	"http://doi.acm.org/10.1145/1052812.1052827",
}


@Article{Huston:2003:BGP,
  title =	"Analyzing the Internet's BGP Routing Table",
  author =	"Geoff Huston",
  year = 	"2003",
  URL =  	"www.potaroo.net/papers/2001-3-bgptable/4-1-bgp.pdf",
}

@Article{jen:2008:start,
  title =	" Towards A New Internet Routing Architecture:Arguments for Separating Edges from Transit Core",
  author =	"Dan Jen et al.",
  year = 	"2008",
  URL =  	"http://www.cs.memphis.edu/~lanwang/paper/routingarch-hotnets.pdf",
  journal =     "ACM Sigcomm 2008"

}

@MISC{Huston:aktuell:BGP,
  AUTHOR       = "Geoff Huston",
  TITLE        = "BGP Routing Table Analysis Reports",
  year 	       = "2009",
  HOWPUBLISHED = "Website",
  NOTE         = "Available online at
                  http://bgp.potaroo.net;
                  visited on December 21th 2009."
}

